@article{ping12,
  title={{Information Extraction Using Controlled English to Support Knowledge-Sharing and Decision-Making}},
  author={Xue, Ping and Poteet, Stephen and Kao, Anne and Mott, David and Braines, Dave and Giammanco, Cheryl and Pham, Tien},
  journal={Cognitive Science},
  conference={{17th ICCRTS: Operationalizing C2 Agility}},
  year={2012},
  publisher={Wiley Online Library}
}

@proceeding{preece14cs,
  author = {Preece, Alun and Gwilliams, Chris and Parizas, Christos and Pizzocaro, Diego and Bakdash, Jonathan Z. and Braines, 
Dave},
  title = {{Conversational sensing}},
  journal = {Proc. SPIE},
  volume = {9122},
  number = {},
  pages = {91220I-91220I-14},
  year = {2014},
  doi = {10.1117/12.2053283},
  URL = { http://dx.doi.org/10.1117/12.2053283},
}

@article{preece14hmc,
 author = {Preece, Alun and Braines, Dave and Pizzocaro, Diego and Parizas, Christos},
 title = {{Human-machine Conversations to Support Multi-agency Missions}},
 journal = {SIGMOBILE Mob. Comput. Commun. Rev.},
 issue_date = {January 2014},
 volume = {18},
 number = {1},
 month = feb,
 year = {2014},
 issn = {1559-1662},
 pages = {75--84},
 numpages = {10},
 url = {http://doi.acm.org/10.1145/2581555.2581568},
 doi = {10.1145/2581555.2581568},
 acmid = {2581568},
 publisher = {ACM},
 address = {New York, NY, USA},
} 
